@book{newham:shell,
    author  = {Cameron Newham},
    title   = {Learning the bash Shell, Third Editon},
    publisher = {O'Reilly Media},
    year    = {2009}
}

@book{swartz:scala,
    author  = {Jason Swartz},
    title   = {Learning Scala, First Editon},
    publisher = {O'Reilly Media},
    year    = {2014}
}

@book{really:spark,
    author  = {Holden Karau \& Andy Konwinski \&
Patrick Wendell \& Matei Zaharia},
    title   = {Learning Spark, First Editon},
    publisher = {O'Reilly Media},
    year    = {2015}
}

@book{fitzgerald:expressions,
    author  = {Michael Fitzgerald},
    title   = {Regular Expressions, First Editon},
    publisher = {O'Reilly Media},
    year    = {2012}
}

@book{white:hadoop,
    author  = {Tom White},
    title   = {Hadoop: The Definitive Guide, Fourth Editon},
    publisher = {O'Reilly Media},
    year    = {201}
}

@online{site:it,
    title   = {IT Euro Consulting},
    url     = {https://www.itecons.it/}
}

@online{site:java,
    title   = {Java EE},
    url     = {https://www.oracle.com/technetwork/java/javaee/}
}

@online{site:angular,
    title   = {Angular},
    url     = {https://angular.io/}
}

@online{site:hadoop,
    title   = {Apache Hadoop},
    url     = {https://hadoop.apache.org/}
}

@online{site:IBM,
    title   = {IBM: An introduction to the Hadoop Distributed File System},
    url     = {https://www.ibm.com/developerworks/library/wa-introhdfs/index.html}
}

@online{site:conc,
    title   = {Concurrency control techniques in HDFS},
    url     = {https://ieeexplore.ieee.org/document/6949251}
}

@online{site:hive,
    title   = {Apache Hive},
    url     = {https://hive.apache.org/}
}

@online{site:impala,
    title   = {Apache Impala},
    url     = {https://impala.apache.org/}
}

@online{site:spark,
    title   = {Apache Spark},
    url     = {https://spark.apache.org/}
}

@online{site:gitlab,
    title   = {GitLab},
    url     = {https://about.gitlab.com/}
}

@online{site:idea,
    title   = {IntelliJ IDEA},
    url     = {https://www.jetbrains.com/idea/}
}

@online{site:stageit,
    title   = {StageIT},
    url     = {http://informatica.math.unipd.it/laurea/stageit.html}
}

@online{site:hue,
    title   = {Hue},
    url     = {http://gethue.com/}
}

@online{site:cloudera,
    title   = {Cloudera Manager},
    url     = {https://www.cloudera.com/products/product-components/cloudera-manager.html/}
}

@online{site:react,
    title   = {ReactJS},
    url     = {https://reactjs.org/}
}

@online{site:redux,
    title   = {Redux},
    url     = {https://redux.js.org/}
}

@online{site:gfs,
    title   = {Google File System},
    url     = {https://ai.google/research/pubs/pub51/}
}

@online{site:thrift,
    title   = {Apache Thrift},
    url     = {https://thrift.apache.org/}
}

@online{site:scala,
    title   = {Scala},
    url     = {https://www.scala-lang.org/}
}

@online{site:kagglepr,
    title   = {Kaggle: BNP Paribas Cardif Claims Management},
    url     = {https://www.kaggle.com/c/bnp-paribas-cardif-claims-management/}
}

@online{site:javatutorial,
    title   = {Java EE Tutorial},
    url     = {https://docs.oracle.com/javaee/7/tutorial/index.html}
}

@online{site:glassfish,
    title   = {GlassFish},
    url     = {https://javaee.github.io/glassfish/documentation}
}

@online{site:R,
    title   = {R},
    url     = {https://www.r-project.org/}
}

@online{site:python,
    title   = {Python},
    url     = {https://www.python.org/}
}

@online{site:git,
    title   = {Git},
    url     = {https://git-scm.com/}
}

@online{site:studio,
    title   = {Visual Studio Code},
    url     = {https://code.visualstudio.com/}
}

@online{site:kaggle,
    title   = {Kaggle},
    url     = {https://code.visualstudio.com/}
}

@online{site:kaggle-dataset,
    title   = {Dataset progetto},
    url     = {https://www.kaggle.com/c/bnp-paribas-cardif-claims-management/data}
}